<?xml version="1.0" encoding="UTF-8"?><collection xmlns="http://www.loc.gov/MARC21/slim"><record><leader>00409nam--2200133-i-4500</leader><controlfield tag="001">000026264</controlfield><controlfield tag="002">20161230</controlfield><controlfield tag="005">20161230201036</controlfield><controlfield tag="008">060222s1000------------r-----000-0-eng-d</controlfield><datafield ind1=" " ind2=" " tag="080"><subfield code="a">621.317.79</subfield></datafield><datafield ind1=" " ind2=" " tag="245"><subfield code="a">Instructuni 178-63 pentru verificarea fluxmetrelor cu traductor inductiv</subfield></datafield><datafield ind1=" " ind2=" " tag="260"><subfield code="a">Bucuresti, Ed.De Stat Pt.Imprimate Si Publicatii, 1964. 30p</subfield></datafield><datafield ind1=" " ind2=" " tag="490"><subfield code="a">Oficiul De Stat Pt.Metrologie</subfield></datafield><datafield ind1=" " ind2=" " tag="852"><subfield code="a">28134</subfield></datafield></record></collection>